% circlemud.bib
%
% References to Paper on process migration.

@Misc{Circlemud,
  key =  	"Circlemud",
  note = 	"http://www.circlemud.org/~jelson/writings/process-migration/node3.html",
  title =	"Circlemud",
}

