% ft.bib
%
% References to Fault Tolerance Research
%

@Article{Gartner:1999:FT,
  author  =  {Felix C. G\"{a} Gartner},
  title   =  {Fundamentals of Fault-Tolerant Distributed Computing in
              Asynchronous Environments},
  journal =  {ACM Computing Surveys},
  year    =  {1999},
  volume  =  {31},
  number  =  {1},
  pages   =  {1--26},
  month   =  {March},
}

@Article{Schlichting:1995:FTSR,
  author  =  {Richard D. Schlichting and Vicraj T. Thomas},
  title   =  {Programming Language Support for Writing Fault-Tolerant
              Distributed Software},
  journal =  {IEEE Transactions on Computers},
  year    =  {1995},
  volume  =  {44},
  number  =  {2},
  pages   =  {203-212},
  month   =  {February},
}
