% hpc.bib 
%
% References for all things HPC (High-Performance Computing) 

@Article{HPCwire:2007:Search,
  key =     {HPCwire},
  note =    {\url{http://www.hpcwire.com/hpc/837711.html}},
  title =   {The Search For a New {HPC} Language},
  journal = {HPCwire, August 25, 2006},
  author =  {HPCwire Editor},
  month_x =   {August},
  year_x =    {2006},
}

@Article{HPCwire:2007:Forward,
  key =     {HPCwire},
  note =    {\url{http://www.hpcwire.com/hpc/827250.html}},
  title =   {{HPCS} Languages Move Forward},
  journal = {HPCwire, August 25, 2006},
  author =  {Ewing Lusk and HPCwire Editor},
  month_x =   {August},
  year_x =    {2006},
}

@inproceedings{Chen:2005:CheckpointCoding,
 author =    {Zizhong Chen and Graham E. Fagg and Edgar Gabriel and Julien 
              Langou and Thara Angskun and George Bosilca and Jack Dongarra},
 title =     {Fault tolerant high performance computing by a coding approach},
 booktitle = {PPoPP '05: Proceedings of the tenth ACM SIGPLAN symposium on
              Principles and practice of parallel programming},
 year =      {2005},
 isbn =      {1-59593-080-9},
 pages =     {213--223},
 location =  {Chicago, IL, USA},
 doi =       {http://doi.acm.org/10.1145/1065944.1065973},
 publisher = {ACM Press},
 address =   {New York, NY, USA},
 }

@article{Plank:1998:CheckpointDiskless,
 author =    {James S. Plank and Kai Li and Michael A. Puening},
 title =     {Diskless Checkpointing},
 journal =   {IEEE Trans. Parallel Distrib. Syst.},
 volume =    {9},
 number =    {10},
 year =      {1998},
 issn =      {1045-9219},
 pages =     {972--986},
 doi =       {http://dx.doi.org/10.1109/71.730527},
 publisher = {IEEE Press},
 address =   {Piscataway, NJ, USA},
 }

@Article{Plank:1999:CheckpointExclusion,
 author    = "J. S. Plank and Y. Chen and K. Li and M. Beck and G. Kingsley",
 title     = "Memory Exclusion: Optimizing the Performance of
              Checkpointing Systems",
 journal   = "Software -- Practice \& Experience",
 volume    = "29",
 number    = "2",
 year      = "1999",
 pages     = "125--142",
 where     = "http://www.cs.utk.edu/~plank/plank/papers/SPE99.html"
}

@Inproceedings{Plank:1995:Libckpt,
  author    = "J. S. Plank and M. Beck and G. Kingsley and K. Li",
  title     = "{Libckpt}: Transparent Checkpointing under {Unix}",
  booktitle = "Usenix Winter Technical Conference",
  month     = "January",
  place     = "New Orleans, LA",
  year      = "1995",
  pages     = "213--223",
  where     = "see http://www.cs.utk.edu/~plank/plank/papers/papers.html"
}
