% hppm.bib
%
% References to HP's Process migration paper.

@Misc{ProcessMigration,
  key =  	"Process Migration",
  note = 	"$http://www.hpl.hp.com/personal/Dejan_Milojicic/pm7.pdf$",
  title =	"Process Migration",
}

