% java.bib 
%
% References for all things Java

@inproceedings{Izatt:1999:Ajents,
  author = {Izatt,, Matthew and Chan,, Patrick and Brecht,, Tim},
  title = {Ajents: towards an environment for parallel, distributed and
mobile Java applications},
  booktitle = {JAVA '99: Proceedings of the ACM 1999 conference on Java Grande},
  year = {1999},
  isbn = {1-58113-161-5},
  pages = {15--24},
  location = {San Francisco, California, United States},
  doi = {http://doi.acm.org/10.1145/304065.304089},
  publisher = {ACM},
  address = {New York, NY, USA},
}

@Book{Horstmann:2004:CJV,
  author =	"Cay S. Horstmann and Gary Cornell",
  title =	"Core {Java 2}, Volume {II}: Advanced Features",
  publisher =	"Pren{\-}tice-Hall PTR",
  edition =	"Seventh",
  pages =	"1024",
  year = 	"2004",
  ISBN = 	"0131118269",
}

@Book{Gosling:2000:Java,
 author = {Gosling,, James and Joy,, Bill and Steele,, Guy and Bracha,, Gilad},
 title = {Java Language Specification, Second Edition: The Java Series},
 year = {2000},
 isbn = {0201310082},
 publisher = {Addison-Wesley Longman Publishing Co., Inc.},
 address = {Boston, MA, USA},
 }

@article{PhilippsenJ003,
 author="Michael Philippsen and Matthias Zenger",
 title="Java{P}arty: Transparent Remote Objects in {J}ava",
 journal="Concurrency: Practice and Experience",
 volume="9",
 number="11",
 pages="1225--1242",
 month="November",
 year="1997",
}

@inproceedings{Hilderink97,
 author = "Gerald Hilderink and Jan Broenink and Wiek Vervoort and Andre 
Bakkers",
 title = "{Communicating Java Threads}",
 booktitle = "Parallel Programming and Java, Proceedings of WoTUG 20",
 volume = "50",
 publisher = "IOS Press, Netherlands",
 address = "University of Twente, Netherlands",
 editor = "A. Bakkers",
 pages = "48--76",
 year = "1997",
 url = "citeseer.ist.psu.edu/hilderink97communicating.html",
}

@Misc{Java:RMI,
  key =  	{Java},
  note =	{\url{http://java.sun.com/j2se/1.5.0/docs/guide/rmi/index.html}},
  title =	{{Java} Remote Method Invocation},
}

@Misc{Java:JMS,
  key =  	{Java},
  note = 	{\url{http://java.sun.com/products/jms/docs.html}},
  title =	{{Java} {M}essage {S}ervice {D}ocumentation},
}

@Misc{CORBA,
  key =  	{CORBA},
  note = 	{\url{http://en.wikipedia.org/wiki/CORBA}},
  title =	{{C}ommon {O}bject {R}equest {B}roker {A}rchitecture},
}

