% misc.bib
%
% Miscellaneous references
%

@Article{Moore:1964:IC,
 author = {Moore,, Gordon E.},
 title = {Cramming more components onto integrated circuits},
 book = {Readings in computer architecture},
 year = {2000},
 isbn = {1-55860-539-8},
 pages = {56--59},
 publisher = {Morgan Kaufmann Publishers Inc.},
 address = {San Francisco, CA, USA},
 }

@Misc{Moore:Revised,
  key =  	{Moore},
  note =	{\url{ftp://download.intel.com/museum/Moores_Law/Video-Transcripts/Excepts_A_Conversation_with_Gordon_Moore.pdf}},
  title =	{A {C}onversation with {G}ordon {M}oore},
}

@Misc{FlashMob,
  key =  	{FlashMob},
  note =        {\url{http://www.flashmobcomputing.org}},
  title =	{{F}lashMob {C}omputing},
}

@Misc{AppEngine,
  key =  	{AppEngine},
  note =        {\url{http://code.google.com/appengine}},
  title =	{{G}oogle {A}pp {E}ngine},
}

@Misc{Enron:Email,
  key =  	{Enron},
  note =        {\url{http://www.cs.cmu.edu/~enron/}},
  title =	{{E}nron {E}mail {D}ataset},
}

@Misc{Pacheco:Email,
  key =  	{Pacheco},
  title =	{{P}ersonal {C}ommunication with {P}eter {P}acheco},
}
