% os.bib
%
% References Operating Systems Research
%

@InProceedings{Dean:2004:OSDI,
  title     =	"MapReduce: Simplified Data Processing on Large
		         Clusters",
  author    =	"Jeffrey Dean and Sanjay Ghemawat",
  booktitle =	"Proceedings of Operating Systems Design and Implementation",
  organization ={USENIX},
  year = 	"2004",
  pages =	"137--150",
  URL =  	"http://www.usenix.org/events/osdi04/tech/dean.html",
}
