% pdb.bib
%
% References to Python's pdb module.

@Misc{Python:pdb,
  key =         "Python pdb",
  note =        "http://docs.python.org/lib/module-pdb.html",
  title =       "Python pdb",
}

@Misc{Python:cmd,
  key =         "Python cmd",
  note =        "http://docs.python.org/lib/module-cmd.html",
  title =       "Python cmd",
}

@Misc{Python:bdb,
  key =         "Python bdb",
  note =        "http://www.cs.usfca.edu/river",
  title =       "Python bdb",
}

@Misc{Python:inspect,
  key =         "Python inspect",
  note =        "http://docs.python.org/lib/module-inspect.html",
  title =       "Python inspect",
}

