% python.bib 
%
% References for all things Python

@Misc{Python,
  key =  	{Python},
  note = 	{\url{http://www.python.org}},
  title =	{The {Python} Programming Language},
}

@Misc{Python:DataModel,
  key =  	{Python},
  note = 	{\url{http://docs.python.org/reference/datamodel.html}},
  title =	{Python Data Model},
}

@Misc{Python:Pickle,
  key =  	{Python},
  note = 	{\url{http://www.python.org/doc/2.4.3/lib/module-pickle.html}},
  title =	{pickle module -- {Python} object serialization},
}

@Misc{Python:Inspect,
  key =  	{Python},
  note = 	{\url{http://www.python.org/doc/2.4.3/lib/module-inspect.html}},
  title =	{inspect module -- {Inspect} live objects},
}

@Misc{Python:XMLRPC,
  key =  	{Python},
  note = 	{\url{http://www.python.org/doc/2.4.3/lib/module-xmlrpclib.html}},
  title =	{xmlrpclib -- {XML-RPC} client access},
}

@Misc{Python:Socket,
  key =  	{Python},
  note = 	{\url{http://www.python.org/doc/2.4.3/lib/module-socket.html}},
  title =	{socket -- {Low-level} networking interface},
}

@Misc{Python:Array,
  key =  	{Python},
  note = 	{\url{http://www.python.org/doc/2.4.3/lib/module-array.html}},
  title =	{array -- {Efficient} arrays of numeric values},
}

@Misc{Python:Container,
  key =  	{Python},
  note = 	{\url{http://www.python.org/doc/2.4.3/ref/sequence-types.html}},
  title =	{Emulating container types},
}

@Misc{Python:Tutorial,
  key =  	{Python},
  note = 	{\url{http://docs.python.org/tutorial/controlflow.html}},
  title =	{Python {T}utorial: More Control Flow Tools},
}

@Misc{Python:Buffer,
  key =  	{Python},
  note = 	{\url{http://docs.python.org/c-api/buffer.html}},
  title =	{Python {B}uffer {O}bjects},
}

@Misc{Python:Multiprocessing,
  key =  	{Python},
  note = 	{\url{http://docs.python.org/library/multiprocessing.html}},
  title =	{multiprocessing -- {P}rocess-based "threading" interface},
}

@Misc{Wikipedia:Python,
  key =  	{Python},
  note =	{\url{http://en.wikipedia.org/wiki/Python\_(programming\_language)}},
  title =	{Python (programming language)},
}

@Misc{PyPy,
  key =  	{PyPy},
  note = 	{\url{http://codespeak.net/pypy}},
  title =	{{PyPy}, a flexible and fast {Python} implementation },
}

@Misc{SciPy,
  key =  	{SciPy},
  note = 	{\url{http://www.scipy.org}},
  title =	{The {SciPy} Project Site},
}

@Book{Beazley:2006:PER,
  author =	"David M. Beazley",
  title =	"{Python} {E}ssential {R}eference",
  publisher =	"Sams Publishing",
  edition =	"Third",
  pages =	"625",
  year = 	"2006",
  ISBN = 	"0672328623",
  keywords =	"Python (computer program language)",
}

@Misc{deJong:2007:PYRO,
  key =  	{PYRO},
  note = 	{\url{http://pyro.sourceforge.net}},
  title =	{{PYRO}:Python Remote Objects},
  author =  {Irmen de Jong},
  year =    {2007},
}

@InProceedings{Kaiser:2006:MYMPI,
  author =       {Timothy Kaiser and Leesa Brieger and Sarah Healy},
  title =        {{MYMPI} - MPI Programming in Python},
  booktitle =    {Proceedings of the International Conference on Parallel and Distributed Processing Techniques and Applications},
  pages =        {458-464},
  month =        {June},
  dates =        {26-29},
  year =         2006,
  address =      {Las Vegas, Nevada, USA},
  publisher =    {CSREA Press},
}

@Misc{Kaiser:2007:MYMPI,
  key =  	{MYMPI},
  note = 	{\url{http://peloton.sdsc.edu/~tkaiser/mympi/}},
  title =	{{MYMPI}},
  author =  {Timothy H. Kaiser},
  year =    {2007},
}

@Misc{NumPy:2007,
  key =  	{NumPy},
  note = 	{\url{http://numpy.scipy.org}},
  title =	{{NumPy}},
}

@Misc{PyLinda,
  key =  	{PyLinda},
  note = 	{\url{http://code.google.com/p/pylinda/}},
  title =	{pylinda},
}

@Misc{Miller:2007:PyMPI,
  key =  	{PyMPI},
  note = 	{\url{http://pympi.sourceforge.net/}},
  title =	{{PyMPI}: Putting the py in {MPI}},
  author =  {Patrick Miller},
  year =    {2007},
}

@Misc{Nielsen:2007:Pypar,
  key =  	{Pypar},
  note = 	{\url{http://datamining.anu.edu.au/~ole/pypar/}},
  title =	{Pypar: Parallel Programming in the spirit of {Python}},
  author =  {Ole Nielsen},
  year =    {2007},
}

@Misc{Perez:2007:IPython,
  key =  	{IPython},
  note = 	{\url{http://ipython.scipy.org}},
  title =	{IPython: An Enhanced Interactive Python Shell},
  author =  {Fernando P\'{e}rez and others},
  year =    {2007},
}


@InProceedings{Perez:2003:IPython,
  author =       {Fernando P\'{e}rez and others},
  title =        {{IPython}: An Enhanced Interactive Python},
  booktitle =    {Proceedings of SciPy'03 -- Python for Scientific Computing
                  Workshop},
  month =        {September},
  dates =        {11th-12},
  year =         2003,
  address =      {CalTech, Pasadena, CA}
}

@Misc{PIL:2007,
  key =  	{PIL},
  note = 	{\url{http://www.pythonware.com/products/pil/}},
  title =	{Python {I}maging {L}ibrary},
}

@Misc{Stackless:2007,
  key =  	{Stackless},
  note = 	{\url{http://www.stackless.com}},
  title =	{Stackless {Python}},
}

@InProceedings{Tismer:2000:StacklessPython,
  author    = {Christian Tismer},
  title     = {Continuations and {Stackless} {Python}},
  booktitle = {Proceedings of the Eighth International Python Conference},
  note      = {\url{http://www.python.org/workshops/2000-01/proceedings/papers/tismers/spcpaper.htm}},
  year      = {2000}
}

@Misc{Wilkinson:2007:PyLinda,
  key =  	{PyLinda},
  note = 	{\url{http://www-users.cs.york.ac.uk/~aw/pylinda}},
  title =	{{PyLinda}: Distributed Computing Made Easy},
  author =  {Andrew Wilkinson},
  year =    {2007},
}
