% river.bib
%
% References to our own work and papers on River and River related work.

@Misc{River:2007,
  key =  	{River},
  note = 	{\url{http://www.cs.usfca.edu/river}},
  title =	{River},
}

@InProceedings{Benson:2007:Trickle,
  author =       {G. D. Benson and A. S. Fedosov},
  title =        {Python-based Distributed Programming with {Trickle}},
  booktitle =    {Proceedings of the International Conference on Parallel and Distributed Processing Techniques and Applications},
  month =        {June},
  dates =        {25-28},
  year =         2007,
  address =      {Las Vegas, Nevada, USA},
  publisher =    {CSREA Press},
}

@InProceedings{Fedosov:2007:SFM,
  author =       {A. S. Fedosov and G. D. Benson},
  title =        {Communication with {S}uper {F}lexible {M}essaging},
  booktitle =    {Proceedings of the International Conference on Parallel and Distributed Processing Techniques and Applications},
  month =        {June},
  dates =        {25-28},
  year =         2007,
  address =      {Las Vegas, Nevada, USA},
  publisher =    {CSREA Press},
}

@InProceedings{Benson:2007:State,
  author =       {G. D. Benson},
  title =        {State {M}anagement for {D}istributed {P}ython {A}pplications},
  booktitle =    {Proceedings of the 13th IEEE Workshop on Dependable Parallel Distributed and Network-Centric Systems (DPDNS08)},
  month =        {April},
  dates =        {14-18},
  year =         2008,
  address =      {Miami, Florida, USA},
}
